@misc{ref:cltWiki,
  author       = {Wikipedia},
  title        = {Central limith theorem},
  month        = {November},
  year         = {2021},
  howpublished = {\url{https://en.wikipedia.org/wiki/Central_limit_theorem}}
}

@misc{ref:normalWiki,
  author       = {Wikipedia},
  title        = {Normal distribution},
  month        = {November},
  year         = {2021},
  howpublished = {\url{https://en.wikipedia.org/wiki/Normal_distribution}}
}

@misc{ref:uniformWiki,
  author       = {Wikipedia},
  title        = {Continuous uniform distribution},
  month        = {December},
  year         = {2021},
  howpublished = {\url{https://en.wikipedia.org/wiki/Continuous_uniform_distribution}}
}

@misc{ref:uniformStats,
  author       = {Barbara Illowsky \& Susan Dean},
  title        = {The Uniform Distribution},
  month        = {November},
  year         = {2021},
  howpublished = {\url{https://stats.libretexts.org/@go/page/748}}
}

@misc{ref:monteCarloWiki,
  author       = {Wikipedia},
  title        = {Monte Carlo method},
  month        = {November},
  year         = {2021},
  howpublished = {\url{https://en.wikipedia.org/wiki/Monte_Carlo_method}}
}